% Encoding: ISO-8859-1
@Article{GautierKha1992,
  author    = {Gautier, Maxime and Khalil, Wisama},
  title     = {Exciting trajectories for the identification of base inertial parameters of robots},
  journal   = {The International journal of robotics research},
  year      = {1992},
  volume    = {11},
  number    = {4},
  pages     = {362--375},
  owner     = {fernandodiaz},
  publisher = {Sage Publications Sage CA: Thousand Oaks, CA},
  timestamp = {2017.07.07},
}

@Article{CalafioreIndBon2001,
  author    = {Calafiore, G and Indri, Marina and Bona, Basilio},
  title     = {Robot dynamic calibration: Optimal excitation trajectories and experimental parameter estimation},
  journal   = {Journal of robotic systems},
  year      = {2001},
  volume    = {18},
  number    = {2},
  pages     = {55--68},
  owner     = {fernandodiaz},
  timestamp = {2017.07.07},
}

@Article{GautierKha1990,
  author    = {Gautier, Maxime and Khalil, Wisama},
  title     = {Direct calculation of minimum set of inertial parameters of serial robots},
  journal   = {{IEEE} Transactions on robotics and Automation},
  year      = {1990},
  volume    = {6},
  number    = {3},
  pages     = {368--373},
  owner     = {fernandodiaz},
  publisher = {IEEE},
  timestamp = {2017.07.07},
}

@Book{KhalilDom2004,
  title     = {Modeling, identification and control of robots},
  publisher = {Butterworth-Heinemann},
  year      = {2004},
  author    = {Khalil, Wisama and Dombre, Etienne},
  owner     = {fernandodiaz},
  timestamp = {2017.07.07},
}

@InProceedings{JahandidehNam2012,
  author       = {Jahandideh, Hossein and Namvar, Mehrzad},
  title        = {Use of PSO in parameter estimation of robot dynamics; Part two: Robustness},
  booktitle    = {System Theory, Control and Computing ({ICSTCC}), 2012 16th International Conference on},
  year         = {2012},
  pages        = {1--6},
  organization = {IEEE},
  owner        = {fernandodiaz},
  timestamp    = {2017.07.07},
}

@Article{WuWanYou2010,
  author    = {Wu, Jun and Wang, Jinsong and You, Zheng},
  title     = {An overview of dynamic parameter identification of robots},
  journal   = {Robotics and computer-integrated manufacturing},
  year      = {2010},
  volume    = {26},
  number    = {5},
  pages     = {414--419},
  owner     = {fernandodiaz},
  publisher = {Elsevier},
  timestamp = {2017.07.07},
}

@Book{LewisDawAbd2003,
  title     = {Robot manipulator control: theory and practice},
  publisher = {CRC Press},
  year      = {2003},
  author    = {Lewis, Frank L and Dawson, Darren M and Abdallah, Chaouki T},
  owner     = {fernandodiaz},
  timestamp = {2017.07.07},
}

@Article{AlonsoMenRoc2009,
  author    = {Alonso, Hugo and Mendon{\c{c}}a, Teresa and Rocha, Paula},
  title     = {Hopfield neural networks for on-line parameter estimation},
  journal   = {Neural Networks},
  year      = {2009},
  volume    = {22},
  number    = {4},
  pages     = {450--462},
  owner     = {fernandodiaz},
  publisher = {Elsevier},
  timestamp = {2017.07.07},
}

@InProceedings{AtenciaJoy2015,
  author       = {Atencia, Miguel and Joya, Gonzalo},
  title        = {Hopfield networks: from optimization to adaptive control},
  booktitle    = {Neural Networks ({IJCNN}), 2015 International Joint Conference on},
  year         = {2015},
  pages        = {1--8},
  organization = {IEEE},
  owner        = {fernandodiaz},
  timestamp    = {2017.07.07},
}

@InProceedings{PeyadaGho2009,
  author    = {Peyada, NK and Ghosh, AK},
  title     = {Aircraft parameter estimation using neural network based algorithm},
  booktitle = {{AIAA} Atmospheric Flight Mechanics},
  year      = {2009},
  pages     = {10--13},
  owner     = {fernandodiaz},
  timestamp = {2017.07.07},
}

@Book{RaolGirSin2004,
  title     = {Modelling and parameter estimation of dynamic systems},
  publisher = {Iet},
  year      = {2004},
  author    = {Raol, Jitendra R and Girija, Gopalrathnam and Singh, Jatinder},
  volume    = {65},
  owner     = {fernandodiaz},
  timestamp = {2017.07.07},
}

@InProceedings{AnAtkHol1985,
  author       = {An, Chae H and Atkeson, Christopher G and Hollerbach, John M},
  title        = {Estimation of inertial parameters of rigid body links of manipulators},
  booktitle    = {Decision and Control, 1985 24th {IEEE} Conference on},
  year         = {1985},
  volume       = {24},
  pages        = {990--995},
  organization = {IEEE},
  owner        = {fernandodiaz},
  timestamp    = {2017.07.07},
}

@InProceedings{ShinGho1991,
  author       = {Shin, Yoan and Ghosh, Joydeep},
  title        = {The pi-sigma network: An efficient higher-order neural network for pattern classification and function approximation},
  booktitle    = {Neural Networks, 1991., IJCNN-91-Seattle International Joint Conference on},
  year         = {1991},
  volume       = {1},
  pages        = {13--18},
  organization = {IEEE},
  owner        = {fernandodiaz},
  timestamp    = {2017.07.07},
}

@Article{SweversGanDeVan1996,
  author    = {Swevers, Jan and Ganseman, Chris and De Schutter, Joris and Van Brussel, Hendrik},
  title     = {Experimental robot identification using optimised periodic trajectories},
  journal   = {Mechanical Systems and Signal Processing},
  year      = {1996},
  volume    = {10},
  number    = {5},
  pages     = {561--577},
  owner     = {fernandodiaz},
  publisher = {Elsevier},
  timestamp = {2017.07.07},
}

@Article{SousaCor2014,
  author    = {Sousa, Crist{\'o}v{\~a}o D and Cortes{\~a}o, Rui},
  title     = {Physical feasibility of robot base inertial parameter identification: A linear matrix inequality approach},
  journal   = {The International Journal of Robotics Research},
  year      = {2014},
  volume    = {33},
  number    = {6},
  pages     = {931--944},
  owner     = {fernandodiaz},
  publisher = {SAGE Publications Sage UK: London, England},
  timestamp = {2017.07.07},
}

@Article{ReyesKel1997,
  author    = {Reyes, Fernando and Kelly, Rafael},
  title     = {Experimental evaluation of identification schemes on a direct drive robot},
  journal   = {Robotica},
  year      = {1997},
  volume    = {15},
  number    = {5},
  pages     = {563--571},
  owner     = {fernandodiaz},
  publisher = {Cambridge University Press},
  timestamp = {2017.07.07},
}

@Article{Park2006,
  author    = {Park, Kyung-Jo},
  title     = {Fourier-based optimal excitation trajectories for the dynamic identification of robots},
  journal   = {Robotica},
  year      = {2006},
  volume    = {24},
  number    = {5},
  pages     = {625--633},
  owner     = {fernandodiaz},
  publisher = {Cambridge University Press},
  timestamp = {2017.07.07},
}

@InProceedings{ZhuMao2014,
  author       = {Zhu, Qidan and Mao, Shuang},
  title        = {Inertia parameter identification of robot arm based on BP neural network},
  booktitle    = {Control Conference ({CCC}), 2014 33rd Chinese},
  year         = {2014},
  pages        = {6605--6609},
  organization = {IEEE},
  owner        = {fernandodiaz},
  timestamp    = {2017.07.07},
}

@Article{PhamOh1999,
  author    = {Pham, DT and Oh, SJ},
  title     = {Identification of plant inverse dynamics using neural networks},
  journal   = {Artificial Intelligence in Engineering},
  year      = {1999},
  volume    = {13},
  number    = {3},
  pages     = {309--320},
  owner     = {fernandodiaz},
  publisher = {Elsevier},
  timestamp = {2017.07.07},
}

@Article{YanLi1997,
  author    = {Yan, Lilai and Li, C James},
  title     = {Robot learning control based on recurrent neural network inverse model},
  journal   = {Journal of Field Robotics},
  year      = {1997},
  volume    = {14},
  number    = {3},
  pages     = {199--212},
  owner     = {fernandodiaz},
  publisher = {Wiley Online Library},
  timestamp = {2017.07.07},
}

@Article{PatraPalChaPan1999,
  author    = {Patra, Jagdish Chandra and Pal, Ranendal N and Chatterji, BN and Panda, Ganapati},
  title     = {Identification of nonlinear dynamic systems using functional link artificial neural networks},
  journal   = {{IEEE} Transactions on Systems, Man, and Cybernetics, Part B (Cybernetics)},
  year      = {1999},
  volume    = {29},
  number    = {2},
  pages     = {254--262},
  owner     = {fernandodiaz},
  publisher = {IEEE},
  timestamp = {2017.07.07},
}

@InProceedings{KolyubinParShi2015,
  author       = {Kolyubin, Sergey and Paramonov, Leonid and Shiriaev, Anton},
  title        = {Robot Kinematics Identification: KUKA LWR4+ Redundant Manipulator Example},
  booktitle    = {Journal of Physics: Conference Series},
  year         = {2015},
  volume       = {659},
  number       = {1},
  pages        = {012011},
  organization = {IOP Publishing},
  owner        = {fernandodiaz},
  timestamp    = {2017.07.07},
}

@Article{RendersRosBecHan1991,
  author    = {Renders, J-M and Rossignol, Eric and Becquet, Marc and Hanus, Raymond},
  title     = {Kinematic calibration and geometrical parameter identification for robots},
  journal   = {{IEEE} Transactions on robotics and automation},
  year      = {1991},
  volume    = {7},
  number    = {6},
  pages     = {721--732},
  owner     = {fernandodiaz},
  publisher = {IEEE},
  timestamp = {2017.07.07},
}

@Article{ParkLeeChoHon2012,
  author    = {Park, In-Won and Lee, Bum-Joo and Cho, Se-Hyoung and Hong, Young-Dae and Kim, Jong-Hwan},
  title     = {Laser-based kinematic calibration of robot manipulator using differential kinematics},
  journal   = {{IEEE}/{ASME} Transactions on Mechatronics},
  year      = {2012},
  volume    = {17},
  number    = {6},
  pages     = {1059--1067},
  owner     = {fernandodiaz},
  publisher = {IEEE},
  timestamp = {2017.07.07},
}

@InProceedings{RonconeHofPatMet2014,
  author       = {Roncone, Alessandro and Hoffmann, Matej and Pattacini, Ugo and Metta, Giorgio},
  title        = {Automatic kinematic chain calibration using artificial skin: self-touch in the icub humanoid robot},
  booktitle    = {Robotics and Automation ({ICRA}), 2014 {IEEE} International Conference on},
  year         = {2014},
  pages        = {2305--2312},
  organization = {IEEE},
  owner        = {fernandodiaz},
  timestamp    = {2017.07.07},
}

@Book{Stone2012,
  title     = {Kinematic modeling, identification, and control of robotic manipulators},
  publisher = {Springer Science \& Business Media},
  year      = {2012},
  author    = {Stone, Henry W},
  volume    = {29},
  owner     = {fernandodiaz},
  timestamp = {2017.07.07},
}

@InProceedings{Nguyen-TuongPetSeeSch2008,
  author    = {Nguyen-Tuong, Duy and Peters, Jan and Seeger, Matthias and Sch{\"o}lkopf, Bernhard},
  title     = {Learning inverse dynamics: a comparison},
  booktitle = {European Symposium on Artificial Neural Networks},
  year      = {2008},
  number    = {EPFL-CONF-175477},
  owner     = {fernandodiaz},
  timestamp = {2017.07.07},
}

@InProceedings{BargstenGeaKas2016,
  author       = {Bargsten, Vinzenz and de Gea Fernandez, Jose and Kassahun, Yohannes},
  title        = {Experimental Robot Inverse Dynamics Identification Using Classical and Machine Learning Techniques},
  booktitle    = {{ISR} 2016: 47st International Symposium on Robotics; Proceedings of},
  year         = {2016},
  pages        = {1--6},
  organization = {VDE},
  owner        = {fernandodiaz},
  timestamp    = {2017.07.07},
}

@InProceedings{PolydorosNalKru2015,
  author       = {Polydoros, Athanasios S and Nalpantidis, Lazaros and Kr{\"u}ger, Volker},
  title        = {Real-time deep learning of robotic manipulator inverse dynamics},
  booktitle    = {Intelligent Robots and Systems ({IROS}), 2015 {IEEE}/{RSJ} International Conference on},
  year         = {2015},
  pages        = {3442--3448},
  organization = {IEEE},
  owner        = {fernandodiaz},
  timestamp    = {2017.07.07},
}

@Article{ChristianoShaMorSch2016,
  author        = {Christiano, Paul and Shah, Zain and Mordatch, Igor and Schneider, Jonas and Blackwell, Trevor and Tobin, Joshua and Abbeel, Pieter and Zaremba, Wojciech},
  title         = {Transfer from Simulation to Real World through Learning Deep Inverse Dynamics Model},
  journal       = {arXiv preprint arXiv:1610.03518},
  year          = {2016},
  __markedentry = {[fernandodiaz:5]},
  owner         = {fernandodiaz},
  timestamp     = {2017.07.07},
}

@Article{Munoz-BarronRivOsoRom2015,
  author    = {Munoz-Barron, Benigno and Rivera-Guillen, Jesus R and Osornio-Rios, Roque A and Romero-Troncoso, Rene J},
  title     = {Sensor fusion for joint kinematic estimation in serial robots using encoder, accelerometer and gyroscope},
  journal   = {Journal of Intelligent \& Robotic Systems},
  year      = {2015},
  volume    = {78},
  number    = {3-4},
  pages     = {529},
  owner     = {fernandodiaz},
  publisher = {Springer Science \& Business Media},
  timestamp = {2017.07.07},
}

@Book{BonnansGilLemSag2006,
  title     = {Numerical optimization: theoretical and practical aspects},
  publisher = {Springer Science \& Business Media},
  year      = {2006},
  author    = {Bonnans, Joseph-Fr{\'e}d{\'e}ric and Gilbert, Jean Charles and Lemar{\'e}chal, Claude and Sagastiz{\'a}bal, Claudia A},
  owner     = {fernandodiaz},
  timestamp = {2017.07.07},
}

@Article{PedregosaVarGraMic2011,
  author    = {Pedregosa, Fabian and Varoquaux, Ga{\"e}l and Gramfort, Alexandre and Michel, Vincent and Thirion, Bertrand and Grisel, Olivier and Blondel, Mathieu and Prettenhofer, Peter and Weiss, Ron and Dubourg, Vincent and others},
  title     = {Scikit-learn: Machine learning in Python},
  journal   = {Journal of Machine Learning Research},
  year      = {2011},
  volume    = {12},
  number    = {Oct},
  pages     = {2825--2830},
  owner     = {fernandodiaz},
  timestamp = {2017.07.07},
}

@Article{YuWil2011,
  author    = {Yu, Hao and Wilamowski, Bogdan M},
  title     = {Levenberg--marquardt training},
  journal   = {Industrial Electronics Handbook},
  year      = {2011},
  volume    = {5},
  number    = {12},
  pages     = {1},
  owner     = {fernandodiaz},
  publisher = {CRC Press Boca Raton, FL},
  timestamp = {2017.07.07},
}

@Misc{Standford2016,
  title        = {Neural networks - {UFLDL}},
  howpublished = {\url{http://deeplearning.stanford.edu/wiki/index.php/Neural_Networks}},
  note         = {Accessed: 2016-09-30},
  owner        = {fernandodiaz},
  timestamp    = {2017.07.07},
}

@Article{UrolaginPreRed2012,
  author    = {Urolagin, Siddhaling and KV, Prema and Reddy, N},
  title     = {Generalization capability of artificial neural network incorporated with pruning method},
  journal   = {Advanced computing, networking and security},
  year      = {2012},
  pages     = {171--178},
  owner     = {fernandodiaz},
  publisher = {Springer},
  timestamp = {2017.07.11},
}

@InCollection{TalebiAbdPatKho2010,
  author    = {Talebi, Heidar A and Abdollahi, Farzaneh and Patel, Rajni V and Khorasani, Khashayar},
  title     = {Neural Network-Based System Identification Schemes},
  booktitle = {Neural Network-Based State Estimation of Nonlinear Systems},
  publisher = {Springer},
  year      = {2010},
  pages     = {37--59},
  owner     = {fernandodiaz},
  timestamp = {2017.07.11},
}

@Article{MuzhouLee2013,
  author        = {Muzhou, Hou and Lee, Moon Ho},
  title         = {A New Constructive Method to Optimize Neural Network Architecture and Generalization},
  journal       = {arXiv preprint arXiv:1302.0324},
  year          = {2013},
  __markedentry = {[fernandodiaz:5]},
  owner         = {fernandodiaz},
  timestamp     = {2017.07.12},
}

@Article{LakeUllTenGer2016,
  author    = {Lake, Brenden M and Ullman, Tomer D and Tenenbaum, Joshua B and Gershman, Samuel J},
  title     = {Building machines that learn and think like people},
  journal   = {Behavioral and Brain Sciences},
  year      = {2016},
  pages     = {1--101},
  owner     = {fernandodiaz},
  publisher = {Cambridge University Press},
  timestamp = {2017.07.17},
}

@Misc{NIST2017,
  title        = {Dictionary of Algorithms and Data Structures},
  howpublished = {\url{https://xlinux.nist.gov/dads/}},
  note         = {Accessed: 2017-07-19},
  owner        = {fernandodiaz},
  timestamp    = {2017.07.19},
}

@Article{EhrhardtMonMitVed2017,
  author    = {Ehrhardt, Sebastien and Monszpart, Aron and Mitra, Niloy J and Vedaldi, Andrea},
  title     = {Learning A Physical Long-term Predictor},
  journal   = {arXiv preprint arXiv:1703.00247},
  year      = {2017},
  owner     = {fernandodiaz},
  timestamp = {2017.07.20},
}

@InProceedings{BattagliaPasLaiRez2016,
  author    = {Battaglia, Peter and Pascanu, Razvan and Lai, Matthew and Rezende, Danilo Jimenez and others},
  title     = {Interaction networks for learning about objects, relations and physics},
  booktitle = {Advances in Neural Information Processing Systems},
  year      = {2016},
  pages     = {4502--4510},
  owner     = {fernandodiaz},
  timestamp = {2017.07.20},
}

@InProceedings{RochaCorNev2005,
  author       = {Rocha, Miguel and Cortez, Paulo and Neves, Jos{\'e}},
  title        = {Simultaneous evolution of neural network topologies and weights for classification and regression},
  booktitle    = {International Work-Conference on Artificial Neural Networks},
  year         = {2005},
  pages        = {59--66},
  organization = {Springer},
  owner        = {fernandodiaz},
  timestamp    = {2017.07.20},
}

@PhdThesis{He2015,
  author    = {He, Shiye},
  title     = {Topological optimisation of artificial neural networks for financial asset forecasting},
  school    = {The London School of Economics and Political Science (LSE)},
  year      = {2015},
  owner     = {fernandodiaz},
  timestamp = {2017.07.20},
}

@TechReport{Matteucci2006,
  author      = {Matteucci, Matteo},
  title       = {ELeaRNT: Evolutionary learning of rich neural network topologies},
  institution = {Carnegie Mellon University},
  year        = {2006},
  owner       = {fernandodiaz},
  timestamp   = {2017.07.20},
}

@TechReport{KwokYeu1995,
  author    = {Kwok, Tin-Yau and Yeung, Dit Yan},
  title     = {Constructive feedforward neural networks for regression problems: A survey},
  year      = {1995},
  owner     = {fernandodiaz},
  timestamp = {2017.07.20},
}

@InProceedings{TirumalaAliRam2016,
  author       = {Tirumala, Sreenivas Sremath and Ali, Shahid and Ramesh, C Phani},
  title        = {Evolving deep neural networks: A new prospect},
  booktitle    = {Natural Computation, Fuzzy Systems and Knowledge Discovery ({ICNC-FSKD}), 2016 12th International Conference on},
  year         = {2016},
  pages        = {69--74},
  organization = {IEEE},
}

@InProceedings{BakerGupNaiRas2017,
  author    = {Baker, Bowen and Gupta, Otkrist and Naik, Nikhil and Raskar, Ramesh},
  title     = {Designing neural network architectures using reinforcement learning},
  booktitle = {5th International Conference on Learning Representations},
  year      = {2017},
  owner     = {fernandodiaz},
  timestamp = {2017.07.20},
}

@InProceedings{SrinivasBab2016,
  author    = {Suraj Srinivas and Venkatesh Babu},
  title     = {Learning Neural Network Architectures using Backpropagation},
  booktitle = {Proceedings of the British Machine Vision Conference ({BMVC})},
  year      = {2016},
  editor    = {Richard C. Wilson, Edwin R. Hancock and William A. P. Smith},
  pages     = {104.1-104.11},
  month     = {September},
  publisher = {BMVA Press},
  articleno = {104},
  doi       = {10.5244/C.30.104},
  isbn      = {1-901725-59-6},
  numpages  = {11},
  url       = {https://dx.doi.org/10.5244/C.30.104},
}

@Article{CastilloSanAloCas2007,
  author    = {Castillo, Enrique and S{\'a}nchez-Maro{\~n}o, Noelia and Alonso-Betanzos, Amparo and Castillo, Carmen},
  title     = {Functional network topology learning and sensitivity analysis based on anova decomposition},
  journal   = {Neural computation},
  year      = {2007},
  volume    = {19},
  number    = {1},
  pages     = {231--257},
  owner     = {fernandodiaz},
  publisher = {MIT Press},
  timestamp = {2017.07.20},
}

@InProceedings{AbtahiFas2011,
  author    = {Abtahi, Farnaz and Fasel, Ian R},
  title     = {Deep Belief Nets as Function Approximators for Reinforcement Learning.},
  booktitle = {Lifelong Learning},
  year      = {2011},
  owner     = {fernandodiaz},
  timestamp = {2017.07.20},
}

@InProceedings{MhaskarLiaPog2017,
  author    = {Mhaskar, Hrushikesh and Liao, Qianli and Poggio, Tomaso A},
  title     = {When and Why Are Deep Networks Better Than Shallow Ones?},
  booktitle = {{AAAI}},
  year      = {2017},
  pages     = {2343--2349},
}

@Article{LiangSri2016,
  author    = {Liang, Shiyu and Srikant, R},
  title     = {Why Deep Neural Networks for Function Approximation?},
  year      = {2016},
  owner     = {fernandodiaz},
  timestamp = {2017.07.20},
}

@TechReport{LawrenceGilTso1998,
  author    = {Lawrence, Steve and Giles, C Lee and Tsoi, Ah Chung},
  title     = {What size neural network gives optimal generalization? Convergence properties of backpropagation},
  year      = {1998},
  owner     = {fernandodiaz},
  timestamp = {2017.07.20},
}

@Article{SharmaCha2010,
  author    = {Sharma, Sudhir Kumar and Chandra, Pravin},
  title     = {Constructive neural networks: a review},
  journal   = {International journal of engineering science and technology},
  year      = {2010},
  volume    = {2},
  number    = {12},
  pages     = {7847--7855},
  owner     = {fernandodiaz},
  timestamp = {2017.07.21},
}

@Book{CastilloCobGutPru2012,
  title     = {Functional networks with applications: a neural-based paradigm},
  publisher = {Springer Science \& Business Media},
  year      = {2012},
  author    = {Castillo, Enrique and Cobo, Angel and Gutierrez, Jose Antonio and Pruneda, Rosa Eva},
  volume    = {473},
  owner     = {fernandodiaz},
  timestamp = {2017.07.21},
}

@article{NguyenPet2011,
  title = {Model Learning in Robotics: a Survey},
  author = {Nguyen-Tuong, D. and Peters, J.},
  journal = {Cognitive Processing},
  volume = {12},
  number = {4},
  pages = {319--340},
  month = nov,
  year = {2011},
  month_numeric = {11}
}

@inproceedings{NguyenPetSee2008,
  title={Learning inverse dynamics: a comparison},
  author={Nguyen-Tuong, Duy and Peters, Jan and Seeger, Matthias and Sch{\"o}lkopf, Bernhard},
  booktitle={European Symposium on Artificial Neural Networks},
  number={EPFL-CONF-175477},
  year={2008}
}

@inproceedings{Nguyen2010,
  title={Using model knowledge for learning inverse dynamics},
  author={Nguyen-Tuong, Duy and Peters, Jan},
  booktitle={Robotics and Automation ({ICRA}), 2010 {IEEE} International Conference on},
  pages={2677--2682},
  year={2010},
  organization={IEEE}
}

@InCollection{Lukosevicius2012,
  author        = {Luko{\v{s}}evi{\v{c}}ius, Mantas},
  title         = {A practical guide to applying echo state networks},
  booktitle     = {Neural networks: tricks of the trade},
  publisher     = {Springer},
  year          = {2012},
  pages         = {659--686},
  __markedentry = {[fernandodiaz:]},
  owner         = {fernandodiaz},
  timestamp     = {2017.07.26},
}

@Article{SweversVerDe2007,
  author        = {Swevers, Jan and Verdonck, Walter and De Schutter, Joris},
  title         = {Dynamic model identification for industrial robots},
  journal       = {{IEEE} Control Systems},
  year          = {2007},
  volume        = {27},
  number        = {5},
  pages         = {58--71},
  __markedentry = {[fernandodiaz:]},
  owner         = {fernandodiaz},
  publisher     = {IEEE},
  timestamp     = {2017.09.13},
}

@Article{Corke2007,
  author        = {Corke, Peter I},
  title         = {A simple and systematic approach to assigning Denavit--Hartenberg parameters},
  journal       = {{IEEE} transactions on robotics},
  year          = {2007},
  volume        = {23},
  number        = {3},
  pages         = {590--594},
  __markedentry = {[fernandodiaz:6]},
  owner         = {fernandodiaz},
  publisher     = {IEEE},
  timestamp     = {2017.10.04},
}

@Comment{jabref-meta: databaseType:bibtex;}
